@article{Anderson2014,
author = {Anderson, D. A. and Miller, S. A. and Raithel, G.},
doi = {10.1103/PhysRevA.90.062518},
file = {:Users/keliao/Work/HIWI/literature/Raithel{\_}2014{\_}PRA{\_}Angular-momentum couplings in long-range Rb2 Rydberg molecules.pdf:pdf},
issn = {1050-2947},
journal = {Phys. Rev. A},
number = {6},
pages = {062518},
title = {Angular-momentum couplings in long-range Rb 2 Rydberg molecules},
volume = {90},
year = {2014}
}
@book{Biedenharn1981,
author = {Biedenharn, L C and Carruthers, Peter A and Louck, James D},
publisher = {Reading, MA:Addison-Wesley},
title = {{Angular momentum in quantum physics : theory and application}},
year = {1981}
}
@article{Balewski2014,
author = {Balewski, Jonathan B},
title = {{A single electron in a Bose-Einstein condensate}},
year = {2014}
}
@article{Bendkowsky2009,
author = {Bendkowsky, Vera and Butscher, Bj{\"{o}}rn and Nipper, Johannes and Shaffer, James P and L{\"{o}}w, Robert and Pfau, Tilman},
doi = {10.1038/nature07945},
file = {:Users/keliao/Work/HIWI/literature/nature07945.pdf:pdf},
isbn = {1476-4687 (Electronic)$\backslash$n0028-0836 (Linking)},
issn = {0028-0836},
journal = {Nature},
number = {7241},
pages = {1005--1008},
pmid = {19396141},
title = {{Observation of ultralong-range Rydberg molecules.}},
volume = {458},
year = {2009}
}
@article{Hamiltonian,
author = {Hamiltonian, Molecular},
number = {4},
pages = {4--8},
title = {{Alignment of D-state Rydberg molecules / Supplemen- tal Material Molecular Hamiltonian in a magnetic field}}
}
@article{Kurz2013,
author = {Kurz, Markus and Schmelcher, Peter},
doi = {10.1103/PhysRevA.88.022501},
file = {:Users/keliao/Work/HIWI/literature/PhysRevA.88.022501.pdf:pdf},
issn = {10502947},
journal = {Phys. Rev. A - At. Mol. Opt. Phys.},
number = {2},
pages = {1--8},
title = {{Electrically dressed ultra-long-range polar Rydberg molecules}},
volume = {88},
year = {2013}
}

@article{Bendkowsky2010,
author = {Bendkowsky, Vera},
doi = {10.1038/nphys1685},
file = {:Users/keliao/Work/HIWI/literature/Vera Bendkowsky - PhD - 2010 - Ultralong-range Rydberg molecules Investigation of a novel binding.pdf:pdf},
journal = {Naturwissenschaften},
title = {{Ultralong-range Rydberg molecules: Investigation of a novel binding}},
year = {2010}
}
